@article{liang2017experimental,
  title={Experimental investigations on effects of tool flank wear on surface integrity during orthogonal dry cutting of Ti-6Al-4V},
  author={Liang, Xiaoliang and Liu, Zhanqiang},
  journal={The International Journal of Advanced Manufacturing Technology},
  volume={93},
  number={5-8},
  pages={1617--1626},
  year={2017},
  publisher={Springer}
}

@article{jeon1988optical,
	title={Optical flank wear monitoring of cutting tools by image processing},
	author={Jeon, JU and Kim, Seung-Woo},
	journal={Wear},
	volume={127},
	number={2},
	pages={207--217},
	year={1988},
	publisher={Elsevier}
}

@article{si2017data,
	title={Data-Driven Remaining Useful Life Prognosis Techniques},
	author={Si, Xiao-Sheng and Zhang, Zheng-Xin and Hu, Chang-Hua and others},
	journal={Springer Series in Reliability Engineering},
	year={2017},
	publisher={Springer}
}

@article{He2015,
	author = {Kaiming He and Xiangyu Zhang and Shaoqing Ren and Jian Sun},
	title = {Deep Residual Learning for Image Recognition},
	journal = {arXiv preprint arXiv:1512.03385},
	year = {2015}
}

@misc{chollet2015keras,
	title={Keras},
	author={Chollet, Fran\c{c}ois and others},
	year={2015},
	publisher={GitHub},
	howpublished={\url{https://github.com/fchollet/keras}},
}

@article{kegg1984one,
	title={One-line machine and process diagnostics},
	author={Kegg, Richard L},
	journal={CIRP Annals-Manufacturing Technology},
	volume={33},
	number={2},
	pages={469--473},
	year={1984},
	publisher={Elsevier}
}

@article{kurada1997review,
	title={A review of machine vision sensors for tool condition monitoring},
	author={Kurada, S and Bradley, C},
	journal={Computers in industry},
	volume={34},
	number={1},
	pages={55--72},
	year={1997},
	publisher={Elsevier}
}

@article{marksberry2008comprehensive,
	title={A comprehensive tool-wear/tool-life performance model in the evaluation of NDM (near dry machining) for sustainable manufacturing},
	author={Marksberry, PW and Jawahir, IS},
	journal={International Journal of Machine Tools and Manufacture},
	volume={48},
	number={7},
	pages={878--886},
	year={2008},
	publisher={Elsevier}
}

@incollection{giardini1996neural,
	title={A neural network architecture for tool wear detection through digital camera observations},
	author={Giardini, C and Ceretti, E and Maccarini, G},
	booktitle={Advanced Manufacturing Systems and Technology},
	pages={137--144},
	year={1996},
	publisher={Springer}
}

@article{shahabi2009cycle,
	title={In-cycle monitoring of tool nose wear and surface roughness of turned parts using machine vision},
	author={Shahabi, HH and Ratnam, MM},
	journal={The International Journal of Advanced Manufacturing Technology},
	volume={40},
	number={11-12},
	pages={1148--1157},
	year={2009},
	publisher={Springer}
}

@inproceedings{xiong2011cutting,
	title={Cutting tool wear measurement by using active contour model based image processing},
	author={Xiong, Guangxi and Liu, Jiancheng and Avila, Adrian},
	booktitle={Mechatronics and Automation (ICMA), 2011 International Conference on},
	pages={670--675},
	year={2011},
	organization={IEEE}
}

@article{drouillet2016tool,
	title={Tool life predictions in milling using spindle power with the neural network technique},
	author={Drouillet, Cyril and Karandikar, Jaydeep and Nath, Chandra and Journeaux, Anne-Claire and El Mansori, Mohamed and Kurfess, Thomas},
	journal={Journal of Manufacturing Processes},
	volume={22},
	pages={161--168},
	year={2016},
	publisher={Elsevier}
}

@article{d2013image,
	title={Image data processing via neural networks for tool wear prediction},
	author={D’Addona, DM and Teti, R},
	journal={Procedia CIRP},
	volume={12},
	pages={252--257},
	year={2013},
	publisher={Elsevier}
}

@article{selvaraj2014optimization,
	title={Optimization of surface roughness, cutting force and tool wear of nitrogen alloyed duplex stainless steel in a dry turning process using Taguchi method},
	author={Selvaraj, D Philip and Chandramohan, P and Mohanraj, M},
	journal={Measurement},
	volume={49},
	pages={205--215},
	year={2014},
	publisher={Elsevier}
}

@article{wong2004experimental,
	title={Experimental support for a model-based prediction of tool wear},
	author={Wong, T and Kim, W and Kwon, P},
	journal={Wear},
	volume={257},
	number={7},
	pages={790--798},
	year={2004},
	publisher={Elsevier}
}

@article{rizal2013online,
	title={Online tool wear prediction system in the turning process using an adaptive neuro-fuzzy inference system},
	author={Rizal, Muhammad and Ghani, Jaharah A and Nuawi, Mohd Zaki and Haron, Che Hassan Che},
	journal={Applied Soft Computing},
	volume={13},
	number={4},
	pages={1960--1968},
	year={2013},
	publisher={Elsevier}
}

@article{benkedjouh2015health,
	title={Health assessment and life prediction of cutting tools based on support vector regression},
	author={Benkedjouh, T and Medjaher, Kamal and Zerhouni, Noureddine and Rechak, Sa{\"\i}d},
	journal={Journal of Intelligent Manufacturing},
	volume={26},
	number={2},
	pages={213--223},
	year={2015},
	publisher={Springer}
}

@article{dimla2000sensor,
	title={Sensor signals for tool-wear monitoring in metal cutting operations—a review of methods},
	author={Dimla, Dimla E},
	journal={International Journal of Machine Tools and Manufacture},
	volume={40},
	number={8},
	pages={1073--1098},
	year={2000},
	publisher={Elsevier}
}

@article{chen2005artificial,
	title={An artificial-neural-networks-based in-process tool wear prediction system in milling operations},
	author={Chen, Jacob C and Chen, Joseph C},
	journal={The International Journal of Advanced Manufacturing Technology},
	volume={25},
	number={5},
	pages={427--434},
	year={2005},
	publisher={Springer}
}

@article{ezugwu1995tool,
	title={Tool-wear prediction using artificial neural networks},
	author={Ezugwu, EO and Arthur, SJ and Hines, EL},
	journal={Journal of materials Processing technology},
	volume={49},
	number={3-4},
	pages={255--264},
	year={1995},
	publisher={Elsevier}
}

@article{yao1999tool,
	title={Tool wear detection with fuzzy classification and wavelet fuzzy neural network},
	author={Yao, Yingxue and Li, Xiaoli and Yuan, Zhejun},
	journal={International Journal of Machine Tools and Manufacture},
	volume={39},
	number={10},
	pages={1525--1538},
	year={1999},
	publisher={Elsevier}
}

@article{ghosh2007estimation,
	title={Estimation of tool wear during CNC milling using neural network-based sensor fusion},
	author={Ghosh, N and Ravi, YB and Patra, A and Mukhopadhyay, S and Paul, S and Mohanty, AR and Chattopadhyay, AB},
	journal={Mechanical Systems and Signal Processing},
	volume={21},
	number={1},
	pages={466--479},
	year={2007},
	publisher={Elsevier}
}

@article{palanisamy2008prediction,
	title={Prediction of tool wear using regression and ANN models in end-milling operation},
	author={Palanisamy, P and Rajendran, I and Shanmugasundaram, S},
	journal={The International Journal of Advanced Manufacturing Technology},
	volume={37},
	number={1},
	pages={29--41},
	year={2008},
	publisher={Springer}
}

@article{quiza2008comparing,
	title={Comparing statistical models and artificial neural networks on predicting the tool wear in hard machining D2 AISI steel},
	author={Quiza, Ram{\'o}n and Figueira, Luis and Davim, J Paulo},
	journal={The International Journal of Advanced Manufacturing Technology},
	volume={37},
	number={7-8},
	pages={641--648},
	year={2008},
	publisher={Springer}
}

@article{sick2002line,
	title={On-line and indirect tool wear monitoring in turning with artificial neural networks: a review of more than a decade of research},
	author={Sick, Bernhard},
	journal={Mechanical Systems and Signal Processing},
	volume={16},
	number={4},
	pages={487--546},
	year={2002},
	publisher={Elsevier}
}

@inproceedings{ioffe2015batch,
	title={Batch normalization: Accelerating deep network training by reducing internal covariate shift},
	author={Ioffe, Sergey and Szegedy, Christian},
	booktitle={International Conference on Machine Learning},
	pages={448--456},
	year={2015}
}

@inproceedings{he2016identity,
	title={Identity mappings in deep residual networks},
	author={He, Kaiming and Zhang, Xiangyu and Ren, Shaoqing and Sun, Jian},
	booktitle={European Conference on Computer Vision},
	pages={630--645},
	year={2016},
	organization={Springer}
}

@article{kingma2014adam,
	title={Adam: A method for stochastic optimization},
	author={Kingma, Diederik and Ba, Jimmy},
	journal={arXiv preprint arXiv:1412.6980},
	year={2014}
}

@article{lin1996tool,
	title={Tool wear monitoring in face milling using force signals},
	author={Lin, SC and Lin, RJ},
	journal={Wear},
	volume={198},
	number={1-2},
	pages={136--142},
	year={1996},
	publisher={Elsevier}
}

@article{huang2000neural,
	title={Neural network-based tool breakage monitoring system for end milling operations},
	author={Huang, Po-Tsang and Chen, Joseph C},
	journal={Journal of industrial technology},
	volume={16},
	number={2},
	pages={2--7},
	year={2000}
}

@article{yesilyurt2007tool,
	title={Tool condition monitoring in milling using vibration analysis},
	author={Yesilyurt, I and Ozturk, H},
	journal={International journal of production research},
	volume={45},
	number={4},
	pages={1013--1028},
	year={2007},
	publisher={Taylor \& Francis}
}

@inproceedings{fu2011cutting,
	title={Cutting tool wear monitoring based on wavelet denoising and fractal theory},
	author={Fu, Pan and Li, Wei Lin and Zhu, Li Qin},
	booktitle={Applied Mechanics and Materials},
	volume={48},
	pages={349--352},
	year={2011},
	organization={Trans Tech Publ}
}

@article{zhang2008tool,
	title={Tool condition monitoring in an end-milling operation based on the vibration signal collected through a microcontroller-based data acquisition system},
	author={Zhang, Julie Z and Chen, Joseph C},
	journal={The International Journal of Advanced Manufacturing Technology},
	volume={39},
	number={1},
	pages={118--128},
	year={2008},
	publisher={Springer}
}

@article{hill1994artificial,
	title={Artificial neural network models for forecasting and decision making},
	author={Hill, Tim and Marquez, Leorey and O'Connor, Marcus and Remus, William},
	journal={International Journal of Forecasting},
	volume={10},
	number={1},
	pages={5--15},
	year={1994},
	publisher={Elsevier}
}

@article{dimla2000line,
	title={On-line metal cutting tool condition monitoring.: I: force and vibration analyses},
	author={Dimla Sr, DE and Lister, PM},
	journal={International Journal of Machine Tools and Manufacture},
	volume={40},
	number={5},
	pages={739--768},
	year={2000},
	publisher={Elsevier}
}

@article{saglam2003tool,
	title={Tool condition monitoring in milling based on cutting forces by a neural network},
	author={Saglam, H and Unuvar, A},
	journal={International Journal of Production Research},
	volume={41},
	number={7},
	pages={1519--1532},
	year={2003},
	publisher={Taylor \& Francis}
}

@article{polini2007monitoring,
	title={Monitoring of diamond disk wear in stone cutting by means of force or acceleration sensors},
	author={Polini, W and Turchetta, S},
	journal={The International Journal of Advanced Manufacturing Technology},
	volume={35},
	number={5-6},
	pages={454--467},
	year={2007},
	publisher={Springer}
}

@article{kim2011fuzzy,
	title={Fuzzy-logic control of cutting forces in CNC milling processes using motor currents as indirect force sensors},
	author={Kim, Dohyun and Jeon, Doyoung},
	journal={Precision Engineering},
	volume={35},
	number={1},
	pages={143--152},
	year={2011},
	publisher={Elsevier}
}

@mastersthesis{曾广圣2017基于多信息和多模型融合的刀具磨损预测性评估的方法研究,
	title={基于多信息和多模型融合的刀具磨损预测性评估的方法研究},
	author={曾广圣},
	year={2017},
	school={中国科学院大学 (中国科学院沈阳计算技术研究所)}
}

@article{zhao2019deep,
	title={Deep learning and its applications to machine health monitoring},
	author={Zhao, Rui and Yan, Ruqiang and Chen, Zhenghua and Mao, Kezhi and Wang, Peng and Gao, Robert X},
	journal={Mechanical Systems and Signal Processing},
	volume={115},
	pages={213--237},
	year={2019},
	publisher={Elsevier}
}

@article{jia2016deep,
	title={Deep neural networks: A promising tool for fault characteristic mining and intelligent diagnosis of rotating machinery with massive data},
	author={Jia, Feng and Lei, Yaguo and Lin, Jing and Zhou, Xin and Lu, Na},
	journal={Mechanical Systems and Signal Processing},
	volume={72},
	pages={303--315},
	year={2016},
	publisher={Elsevier}
}

@Misc{phm10data,
	howpublished = {\url{https://www.phmsociety.org/competition/phm/10}},
	note = {Published 2010},
	title = {PHM data challenge 2010},
	author = {PHM Society}
}

@article{mikolov2012statistical,
	title={Statistical language models based on neural networks},
	author={Mikolov, Tom{\'a}{\v{s}}},
	journal={Presentation at Google, Mountain View, 2nd April},
	year={2012}
}



@article{wang2002hidden,
	title={Hidden Markov model-based tool wear monitoring in turning},
	author={Wang, Litao and Mehrabi, Mostafa G and Kannatey-Asibu, Elijah},
	journal={Journal of Manufacturing Science and Engineering},
	volume={124},
	number={3},
	pages={651--658},
	year={2002},
	publisher={American Society of Mechanical Engineers}
}

@article{karandikar2014tool,
	title={Tool life prediction using Bayesian updating. Part 2: Turning tool life using a Markov Chain Monte Carlo approach},
	author={Karandikar, Jaydeep M and Abbas, Ali E and Schmitz, Tony L},
	journal={Precision Engineering},
	volume={38},
	number={1},
	pages={18--27},
	year={2014},
	publisher={Elsevier}
}

@inproceedings{martinov2015real,
	title={Real-time diagnosis and forecasting algorithms of the tool wear in the CNC systems},
	author={Martinov, Georgi M and Grigoryev, Anton S and Nikishechkin, Petr A},
	booktitle={International Conference in Swarm Intelligence},
	pages={115--126},
	year={2015},
	organization={Springer}
}

@article{caggiano2018multiple,
	title={Multiple Sensor Monitoring for Tool Wear Forecast in Drilling of CFRP/CFRP Stacks with Traditional and Innovative Drill Bits},
	author={Caggiano, Alessandra and Napolitano, Francesco and Nele, Luigi and Teti, Roberto},
	journal={Procedia CIRP},
	volume={67},
	pages={404--409},
	year={2018},
	publisher={Elsevier}
}

@article{ertunc2001decision,
	title={A decision fusion algorithm for tool wear condition monitoring in drilling},
	author={Ertunc, HM and Loparo, KA},
	journal={International Journal of Machine Tools and Manufacture},
	volume={41},
	number={9},
	pages={1347--1362},
	year={2001},
	publisher={Elsevier}
}

@article{martinova2012diagnostics,
	title={Diagnostics and forecasting of cutting tool wear at CNC machines},
	author={Martinova, LI and Grigoryev, AS and Sokolov, SV},
	journal={Automation and remote control},
	volume={73},
	number={4},
	pages={742--749},
	year={2012},
	publisher={Springer}
}

@article{hochreiter1997long,
	title={Long short-term memory},
	author={Hochreiter, Sepp and Schmidhuber, J{\"u}rgen},
	journal={Neural computation},
	volume={9},
	number={8},
	pages={1735--1780},
	year={1997},
	publisher={MIT Press}
}

@inproceedings{atlas2000hidden,
	title={Hidden Markov models for monitoring machining tool-wear},
	author={Atlas, Les and Ostendorf, Mari and Bernard, Gary D},
	booktitle={Acoustics, Speech, and Signal Processing, 2000. ICASSP'00. Proceedings. 2000 IEEE International Conference on},
	volume={6},
	pages={3887--3890},
	year={2000},
	organization={IEEE}
}

@article{ertunc2001tool,
	title={Tool wear condition monitoring in drilling operations using hidden Markov models (HMMs)},
	author={Ertunc, Huseyin M and Loparo, Kenneth A and Ocak, Hasan},
	journal={International Journal of Machine Tools and Manufacture},
	volume={41},
	number={9},
	pages={1363--1384},
	year={2001},
	publisher={Elsevier}
}

@inproceedings{heck1991mechanical,
	title={Mechanical system monitoring using hidden Markov models},
	author={Heck, LP and McClellan, JH},
	booktitle={Acoustics, Speech, and Signal Processing, 1991. ICASSP-91., 1991 International Conference on},
	pages={1697--1700},
	year={1991},
	organization={IEEE}
}

@article{pan2010survey,
	title={A survey on transfer learning},
	author={Pan, Sinno Jialin and Yang, Qiang},
	journal={IEEE Transactions on knowledge and data engineering},
	volume={22},
	number={10},
	pages={1345--1359},
	year={2010},
	publisher={IEEE}
}